% This file was created with JabRef 2.10.
% Encoding: Cp1252


@Article{Gopen1990,
  Title                    = {The Science of Scientific Writing},
  Author                   = {Gopen, George D. and Swan, Judith A.},
  Journal                  = {American Scientist},
  Year                     = {1990},
  Number                   = {6},
  Pages                    = {550-558},
  Volume                   = {78},

  Copyright                = {Copyright © 1990 Sigma Xi, The Scientific Research Society},
  ISSN                     = {00030996},
  Jstor_articletype        = {research-article},
  Jstor_formatteddate      = {November-December 1990},
  Language                 = {English},
  Publisher                = {Sigma Xi, The Scientific Research Society},
  Url                      = {http://www.jstor.org/stable/29774235}
}

@Article{Tischler1978,
  Title                    = {Scientific writing booklet},
  Author                   = {Tischler, Marc E},
  Journal                  = {University of Arizona},
  Year                     = {1978}
}

@Article{Woodford1967,
  Title                    = {Sounder thinking through clearer writing},
  Author                   = {Woodford, F Peter},
  Journal                  = {Science},
  Year                     = {1967},
  Number                   = {3776},
  Pages                    = {743--745},
  Volume                   = {156},

  Publisher                = {American Association for the Advancement of Science}
}

